<record><leader>00000cas a22000007a 4500</leader><controlfield tag="001">25971418</controlfield><controlfield tag="008">920608d19181941wyudn ne      0    0eng d</controlfield><datafield ind1=" " ind2=" " tag="010"><subfield code="a">sn 92067094 </subfield></datafield><datafield ind1=" " ind2=" " tag="040"><subfield code="a">NVO</subfield><subfield code="b">eng</subfield><subfield code="c">NVO</subfield><subfield code="d">OCLCQ</subfield></datafield><datafield ind1=" " ind2=" " tag="042"><subfield code="a">msc</subfield></datafield><datafield ind1="0" ind2="0" tag="245"><subfield code="a">Lander evening post.</subfield></datafield><datafield ind1=" " ind2=" " tag="260"><subfield code="a">Lander, Wyo. :</subfield><subfield code="b">W.J. Hines</subfield></datafield><datafield ind1=" " ind2=" " tag="300"><subfield code="a">v.</subfield></datafield><datafield ind1=" " ind2=" " tag="310"><subfield code="a">Daily (except Sunday and holidays)</subfield></datafield><datafield ind1="1" ind2=" " tag="362"><subfield code="a">Began in 1918; ceased in 1941.</subfield><subfield code="z">Cf. Homsher, L. Guide to Wyoming newspapers, 1867-1967.</subfield></datafield><datafield ind1=" " ind2=" " tag="515"><subfield code="a">Numbering is irregular.</subfield></datafield><datafield ind1=" " ind2=" " tag="588"><subfield code="a">Description based on: Vol. 4, no. 36 (Oct. 1, 1921).</subfield></datafield><datafield ind1=" " ind2="4" tag="651"><subfield code="a">Lander (Wyo.)</subfield><subfield code="v">Newspapers.</subfield></datafield><datafield ind1=" " ind2="4" tag="651"><subfield code="a">Fremont County (Wyo.)</subfield><subfield code="v">Newspapers.</subfield></datafield><datafield ind1=" " ind2=" " tag="752"><subfield code="a">United States</subfield><subfield code="b">Wyoming</subfield><subfield code="c">Fremont</subfield><subfield code="d">Lander.</subfield></datafield><datafield ind1="0" ind2="4" tag="785"><subfield code="t">Wyoming state journal (Lander, Wyo.)</subfield><subfield code="w">(DLC)sn 85058171</subfield></datafield></record>